<?xml version="1.0" encoding="UTF-8"?>
<record xmlns="http://www.loc.gov/MARC21/slim" xmlns:xsi="http://www.w3.org/2001/XMLSchema-instance" xsi:schemaLocation="http://www.loc.gov/MARC21/slim http://www.loc.gov/standards/marcxml/schema/MARC21slim.xsd">
<leader>     cam a2200277 a 4500</leader>
<controlfield tag="001">001686824</controlfield>
<controlfield tag="003">NNU</controlfield>
<controlfield tag="005">20061010173339.0</controlfield>
<controlfield tag="008">990421s1907    ua            000 0 ara</controlfield>
<datafield tag="010" ind1=" " ind2=" ">
<subfield code="a">59036679</subfield>
</datafield>
<datafield tag="035" ind1="9" ind2=" ">
<subfield code="a">NYUb12230271</subfield>
</datafield>
<datafield tag="035" ind1=" " ind2=" ">
<subfield code="a">(NNU)NYUb12230271</subfield>
</datafield>
<datafield tag="040" ind1=" " ind2=" ">
<subfield code="a">DLC</subfield>
<subfield code="c">CU</subfield>
<subfield code="d">CU</subfield>
<subfield code="d">UaCaAUL</subfield>
</datafield>
<datafield tag="050" ind1="0" ind2=" ">
<subfield code="a">PJ6591</subfield>
<subfield code="b">.I3 1907</subfield>
</datafield>
<datafield tag="066" ind1=" " ind2=" ">
<subfield code="c">(3</subfield>
</datafield>
<datafield tag="090" ind1=" " ind2=" ">
<subfield code="a">PJ6591</subfield>
<subfield code="b">.I3</subfield>
</datafield>
<datafield tag="100" ind1="1" ind2=" ">
<subfield code="a">Ibn al-Anbārī, Muḥammad ibn al-Qāsim,</subfield>
<subfield code="d">885-940?</subfield>
<subfield code="6">880-01</subfield>
</datafield>
<datafield tag="245" ind1="1" ind2="3">
<subfield code="6">880-02</subfield>
<subfield code="a">al-Aḍḍād fī al-lughah /</subfield>
<subfield code="c">taʼlīf Muḥammad ibn al-Qāsim Muḥammad ibn Bashshār al-Anbārī al-Naḥwī ; Wa-qad iʻtaná bi-ḍabṭihā bi-al-shakl wa-taṣḥīḥihā Muḥammad ʻAbd al-Qādir Saʻīd al-Rāfiʻī maʻa Aḥmad al-Shinqīṭī baʻda muqābalatihā ʻalá nuskhah qadīmah min khaṭṭ al-muʼallif.</subfield>
</datafield>
<datafield tag="260" ind1=" " ind2=" ">
<subfield code="6">880-03</subfield>
<subfield code="a">Miṣr :</subfield>
<subfield code="b">[al-Maktabah al-Azharīyah,</subfield>
<subfield code="c">1325, 1907]</subfield>
</datafield>
<datafield tag="300" ind1=" " ind2=" ">
<subfield code="a">384 p. ;</subfield>
<subfield code="c">21 cm.</subfield>
</datafield>
<datafield tag="500" ind1=" " ind2=" ">
<subfield code="a">Includes errata pages.</subfield>
</datafield>
<datafield tag="650" ind1=" " ind2="0">
<subfield code="a">Arabic language</subfield>
<subfield code="x">Synonyms and antonyms.</subfield>
</datafield>
<datafield tag="650" ind1=" " ind2="0">
<subfield code="a">Arabic language</subfield>
<subfield code="x">Synonyms and antonyms</subfield>
<subfield code="v">Early works to 1800.</subfield>
</datafield>
<datafield tag="880" ind1="1" ind2=" ">
<subfield code="6">100-01/</subfield>
<subfield code="a">ابن الانبارى، محمد بن القاسم،</subfield>
<subfield code="d">904-885؟</subfield>
</datafield>
<datafield tag="880" ind1="1" ind2="2">
<subfield code="6">245-02/</subfield>
<subfield code="a">الأضداد فى اللغة /</subfield>
<subfield code="c">تأليف محمد بن القاسم محمد ابن بشار الانبارى النحوى ؛ وقد اعتنى بضبطها بالشكل وتصحيحها محمد عبدالقادر سعيد الرافعى مع أحمد الشنقيطى بعد مقابلتها على نسخة قديمة من خط المؤلف.</subfield>
</datafield>
<datafield tag="880" ind1=" " ind2=" ">
<subfield code="6">260-03/</subfield>
<subfield code="a">مصر :</subfield>
<subfield code="b">[المكتبة الأزهرية،</subfield>
<subfield code="c">1325، 1907]</subfield>
</datafield>
<datafield tag="OWN" ind1=" " ind2=" ">
<subfield code="a">GENERAL</subfield>
</datafield>
<datafield tag="998" ind1=" " ind2=" ">
<subfield code="a">20010429</subfield>
<subfield code="d">20010429</subfield>
<subfield code="d">20021006</subfield>
<subfield code="n">NNU</subfield>
<subfield code="s">6</subfield>
<subfield code="t">c</subfield>
<subfield code="z">e</subfield>
</datafield>
<datafield tag="AVA" ind1=" " ind2=" ">
<subfield code="a">NYU50</subfield>
<subfield code="b">BOBST</subfield>
<subfield code="c">Main Collection</subfield>
<subfield code="d">PJ6591 .I3</subfield>
<subfield code="e">unavailable</subfield>
<subfield code="t">Unavailable</subfield>
<subfield code="f">1</subfield>
<subfield code="g">1</subfield>
<subfield code="h">N</subfield>
<subfield code="i">1</subfield>
<subfield code="j">MAIN</subfield>
<subfield code="k">0</subfield>
</datafield>
</record>
